@TECHREPORT{UKGOVGPG,
  AUTHOR =        {F. McGuinness and D. Pyper},
  TITLE =         {The Gender Paygap},
  INSTITUTION =   {Government of The United Kingdom},
  MONTH =         {September},
  YEAR  =         {2018},
  FILE  =         {http://researchbriefings.files.parliament.uk/documents/SN07068/SN07068.pdf},
  URL   =         {www.parliament.uk/commons-library},
  CONTACT =       {papers@parliament.uk}
}
